@misc{Introduction,
  title = {\href{https://www.cisco.com/c/en/us/support/docs/security/ios-firewall/23602-confaccesslists.html}{ Configure and Filter IP Access Lists}},
}

@misc{std-ext,
  title = {\href{https://www.cisco.com/c/en/us/td/docs/ios-xml/ios/sec_data_acl/configuration/15-mt/sec-data-acl-15-mt-book/sec-access-list-ov.html#GUID-65122EB8-E317-4172-8D2D-AC8DE3E0A2CF}{ Security Configuration Guide: Access Control Lists}},
}

@misc{Implementing,
  title = {\href{https://www.netacad.com/courses/security/implementing-access-control-lists}{ Implementing Access Control Lists (ACLs).}},
}

@misc{Configuring-Standard-ACLs,
  title = {\href{https://www.cisco.com/c/en/us/td/docs/security/asa/asa92/configuration/general/asa-general-cli/acl-standard.pdf}{ Standard Access Control Lists}},
}

@misc{Configuring-Extended-ACLs,
  title = {\href{https://www.cisco.com/c/en/us/td/docs/security/asa/asa92/configuration/general/asa-general-cli/acl-extended.pdf}{ Extended Access Control Lists}},
}

@misc{Configuring-Named-ACLs,
  title = {\href{https://www.cisco.com/c/en/us/td/docs/ios-xml/ios/sec_data_acl/configuration/xe-16-12/sec-data-acl-xe-16-12-book/sec-acl-named.pdf}{ Named Access Control Lists}},
}

@misc{How-Work,
  title = {\href{https://www.twingate.com/blog/access-control-list}{ How They Work \& Best Practices}},
}

@misc{Traffic-Filtering ,
  title = {\href{https://www.cisco.com/en/US/docs/switches/datacenter/nexus5000/sw/configuration/guide/cli_rel_4_1/Cisco_Nexus_5000_Series_Switch_CLI_Software_Configuration_Guide_chapter21.pdf}{ Configuring Access Control Lists}},
}

@misc{Security-Management ,
  title = {\href{https://www.cisco.com/c/en/us/td/docs/ios-xml/ios/sec_data_acl/configuration/xe-16/sec-data-acl-xe-16-book.pdf}{ Security Configuration Guide: Access Control Lists}},
}

@misc{Time-Based,
  title = {\href{https://community.cisco.com/kxiwq67737/attachments/kxiwq67737/5991-discussions-wan-routing-switching/171265/1/112661-time%20base%20accesslist.pdf}{ Time-Based Access Lists Using Time Ranges}},
}

@misc{ACL-Logging,
  title = {\href{https://www.cisco.com/c/en/us/td/docs/switches/datacenter/nexus6000/sw/qos/7x/b_6k_QoS_Config_7x/configuring_acl_logging.pdf}{ Configuring ACL Logging}},
}

@misc{Interpreting-ACL-Logs,
  title = {\href{https://sec.cloudapps.cisco.com/security/center/resources/access_control_list_logging.html}{ Understanding Access Control List Logging}},
}

@misc{Splunk,
  title = {\href{https://lantern.splunk.com/Security/Getting_Started/Using_Enterprise_Security_for_security_investigation_and_monitoring}{ Using Splunk for Cisco ACL Monitoring and Security Analytics}},
}

@misc{Troubleshooting,
  title = {\href{https://www.cisco.com/en/US/docs/storage/san_switches/mds9000/sw/rel_3_x/troubleshooting/guide/ts_acl.pdf}{ Troubleshooting IP Access Lists}},
}

@misc{DDoS-Attacks,
  title = {\href{https://ripe84.ripe.net/presentations/22-ddos_acls.pdf}{ Mitigating DDoS Attacks with ACLs}},
}

@misc{DDoS-Attacks-2,
  title = {\href{https://www.cisco.com/web/IT/events/pdf/iin2005/cisco_guard.pdf}{ Mitigating DDoS Attacks with ACLs}},
}

@misc{ZTNA,
  title = {\href{https://www.acldigital.com/offerings/telco-cloud-and-networking/security/zero-trust-network-access}{ Zero Trust Security with ACLs and Microsegmentation}},
}

@misc{Insider-Threats,
  title = {\href{https://fastercapital.com/topics/implementing-access-control-lists-(acls).html/4}{ Protecting Against Insider Threats with ACLs}},
}

@misc{Enhancements,
  title = {\href{https://www.cisco.com/c/en/us/td/docs/routers/ios/config/17-x/sec-vpn/b-security-vpn/m-acl-enhancement.html}{ Protecting Against Insider Threats with ACLs}},
}
