@misc{Troubleshooting-Mac-Address-Table,
  author=cisco,
  title = {Troubleshooting Mac Address Table Manager},
  howpublished = {\url{https://www.cisco.com/c/fr_ca/support/docs/switches/catalyst-9300-series-switches/222060-troubleshoot-mac-address-table-manager-o.html?dtid=osscdc000283}},
  note = {Accessed: 2024-07-02}
}
