@misc{Hash-Algorithms,
  author = {Wahome Macharia},
  school = {University of London},
  howpublished = {\href{https://www.researchgate.net/publication/351837904_Cryptographic_Hash_Functions}{\newline \textit{Cryptographic Hash Functions}}},

}

@misc{Properties,
  author = {Michal Rjasko}, 
  school = {comenius university},
  howpublished = {\href{https://eprint.iacr.org/2008/527.pdf}{\newline \textit{Properties of Cryptographic Hash Functions}}},

}


@misc{Cryptographic,
  author = {Kelvin W. Macharia}, 
  howpublished = {\href{https://www.researchgate.net/publication/351837904_Cryptographic_Hash_Functions}{\newline \textit{Cryptographic Hash Functions}}},

}

@misc{non-Cryptographic,
  author = {Arish Sateesan, Jelle Biesmans, Thomas Claesen}, 
  howpublished = {\href{https://www.researchgate.net/publication/368398232_Optimized_algorithms_and_architectures_for_fast_non-cryptographic_hash_functions_in_hardware}{\newline \textit{non-Cryptographic Hash Functions}}},

}

@misc{Integrity,
  author = {Mohammed Jamoos, Al-Quds University}, 
  school = {Al-Quds University},
  howpublished = {\href{https://www.researchgate.net/publication/289378326_Data_Integrity_Mechanism_Using_Hashing_Verification}{\newline \textit{Data Integrity Mechanism Using Hashing Verification}}},
}

@misc{Digital-signatures,
  author = {Dr. K. Limniotis}, 
  howpublished = {\href{https://www.dpa.gr/sites/default/files/2023-01/Appendix_8c.pdf}{\newline \textit{Digital signatures}}},
}

@misc{Bcrypt ,
  author = {Niels Provos, David Mazières}, 
  howpublished = {\href{https://en.wikipedia.org/wiki/Bcrypt}{\newline \textit{Bcrypt and PBKDF2}}},
}

@misc{Bcrypt-2 ,
  author = {Niels Provos, David Mazières}, 
  howpublished = {\href{https://cvsweb.openbsd.org/cgi-bin/cvsweb/src/lib/libc/crypt/bcrypt.c?rev=1.1&content-type=text/x-cvsweb-markup}{\newline \textit{Bcrypt and PBKDF2}}},
}

@misc{Evolution-of-Hash ,
  author = {F. Pfautsch, N. Schubert, C. Orglmeister}, 
  howpublished = {\href{https://dl.gi.de/bitstreams/37f9e22b-a8e9-4d01-98a2-40463cd0f1fb/download}{\newline \textit{The Evolution of Secure Hash Algorithms}}},
}

@misc{MD5-Attacks ,
  author = {J. Black, M. Cochran, T. Highland}, 
  school = {University of Colorado Boulder},
  howpublished = {\href{https://www.researchgate.net/publication/220942558_A_Study_of_the_MD5_Attacks_Insights_and_Improvements}{\newline \textit{A Study of the MD5 Attacks}}},
}

@misc{Preimage,
  author = {P. Rogaway, T. Shrimpton}, 
  howpublished = {\href{https://eprint.iacr.org/2004/035.pdf}{\newline \textit{Definitions, Implications, and Separations for Preimage Resistance, Second-Preimage Resistance, and Collision Resistance}}},
}

@misc{Post-Quantum,
  author = {cryptovision.com}, 
  howpublished = {\href{https://www.cryptovision.com/wp-content/uploads/2022/12/2022-12-16-Post-Quantum-Whitepaper-EN.pdf}{\newline \textit{An Introduction to Post-Quantum Cryptography}}},
}

@misc{Post-Quantum-2,
  author = {Daniel J. Bernstein, Johannes Buchmann, Erik Dahmen}, 
  howpublished = {\href{https://www.researchgate.net/profile/Nicolas-Sendrier-2/publication/226115302_Code-Based_Cryptography/links/540d62d50cf2df04e7549388/Code-Based-Cryptography.pdf}{\newline \textit{Post-Quantum Cryptography}}},
}

@misc{SHA-3-Keccak,
  author = {Šibenik, Croatia}, 
  howpublished = {\href{https://summerschool-croatia.cs.ru.nl/2015/SHA3.pdf}{\newline \textit{Introduction to SHA-3 and Keccak}}},
}

@misc{salt,
  author = {Snigdha Acharya}, 
  howpublished = {\href{https://informatics.nic.in/uploads/pdfs/0d5238d5_salted%20Hashing%20Passwords.pdf}{\newline \textit{Salted Hashing of Passwords}}},
}

@misc{Performance-vs-Security,
  author = {Kabiru M.Maiyama, Demetres D.Kouvatsos}, 
  school = {University of Bradford Bradford},
  howpublished = {\href{https://www.researchgate.net/publication/338412345_Performance_vs_Security_Trade-Offs_Analysis_of_Virtualisation_in_IaaS_Cloud_Computing_Platforms}{\newline \textit{Performance vs Security Trade-Offs Analysis of Virtualisation in IaaS Cloud Computing Platforms}}},
}

@misc{GDPR,
  author = {epsu.org}, 
  howpublished = {\href{https://www.epsu.org/sites/default/files/article/files/GDPR_FINAL_EPSU.pdf}{\newline \textit{The General Data Protection Regulation (GDPR)}}},
}

@misc{CCPA,
  author = {Prof. Eric Goldman}, 
  howpublished = {\href{https://www.iadclaw.org/assets/1/7/24.1_-_Goldman-_REVIEWED-_2018_07_09_An_Introduction_to_the_California_Consumer_Privacy_Act_(CCPA).pdf}{\newline \textit{An Introduction to the California Consumer Privacy Act (CCPA)}}},
}

@misc{tokenization,
  author = {Eerik Durejko}, 
  howpublished = {\href{https://www.checkout.com/blog/payment-tokenization#:~:text=Payment%20tokenization%20is%20the%20process,significance%20outside%20of%20the%20transaction}{\newline \textit{A guide to payment tokenization}}},
}

@misc{git,
  author = {git-scm.com}, 
  howpublished = {\href{https://git-scm.com/docs/hash-function-transition}{\newline \textit{Migrate Git from SHA-1 to a stronger hash function}}},
}

@misc{Blockchain-Bitcoin,
  author = {blockchainknowledge.in}, 
  howpublished = {\href{https://blockchainknowledge.in/what-is-hash-function-sha-256-in-blockchain-technology/}{\newline \textit{What is Hash Function SHA-256 in Blockchain Technology}}},
}


@misc{Dropbox,
  author = {blog.fosketts.net}, 
  howpublished = {\href{https://blog.fosketts.net/2011/07/11/dropbox-data-format-deduplication/}{\newline \textit{How Does Dropbox Store Data?}}},
}

@misc{Dropbox-2,
  author = {P. Nirmala, S. Murugan, M. Janaki}, 
  howpublished = {\href{https://ijeter.everscience.org/Manuscripts/Volume-4/Issue-3/Vol-4-issue-3-M-22.pdf}{\newline \textit{Data Deduplication in Client Side Using Hash Technique}}},
}

@misc{linkedin,
  author = {Per Thorsheim}, 
  howpublished = {\href{https://www.linkedin.com/pulse/linkedins-poor-handling-2012-data-breach-comes-back-haunt-thorsheim/}{\newline \textit{LinkedIn's poor handling of 2012}}},
}



@misc{linkedin-2,
  author = {Jaikumar Vijayan}, 
  howpublished = {\href{https://www.computerworld.com/article/1540158/hackers-crack-more-than-60-of-breached-linkedin-passwords.html}{\newline \textit{Hackers crack more than 60\% of breached LinkedIn passwords}}},
}
