@misc{Hash-Algorithms,
  title = {\href{https://www.researchgate.net/publication/351837904_Cryptographic_Hash_Functions}{Cryptographic Hash Functions}}
}
