@misc{8800-series,
  author = {Cisco},
  title = {\href{https://www.cisco.com/c/en/us/products/collaboration-endpoints/unified-ip-phone-8800-series/index.html}{\newline Cisco IP Phone 8800 Series}}
}


@misc{Security-Features,
  author = {Cisco},
  title = {\href{https://www.cisco.com/c/dam/en/us/products/collateral/collaboration-endpoints/unified-ip-phone-8800-series/white-paper-c11-739097.pdf}{\newline Security Features of Cisco IP Phones}}
}

@misc{7800-Series,
  author = {Cisco},
  title = {\href{https://www.cisco.com/c/en/us/products/collaboration-endpoints/unified-ip-phone-7800-series/index.html}{\newline Cisco IP Phone 7800 Series}}
}


@misc{Business-Phone-Systems,
  author = {Cisco},
  title = {\href{https://www.cisco.com/c/en/us/solutions/small-business/collaboration/phone-systems.html}{\newline Business Phone Systems}}
}



@misc{CRM,
  author = {Cisco},
  title = {\href{https://www.cisco.com/c/dam/en/us/td/docs/voice_ip_comm/cucallconnectors/UCC_for_MS_CRM/Rel_30/marketing_source/30mkting.pdf}{\newline CRM Integration with Cisco IP Phones}}
}


@misc{Cloud,
  author = {Cisco},
  title = {\href{https://www.cisco.com/c/en/us/products/unified-communications/webex-calling/index.html}{\newline Cloud Connectivity with Cisco IP Phones}}
}


@misc{Mobile-Device,
  author = {Cisco},
  title = {\href{https://www.cisco.com/c/en/us/support/docs/smb/collaboration-endpoints/cisco-ip-phone-8800-series/smb5670-configure-a-mobile-device-with-cisco-ip-phone-8800-series-mu.pdf}{\newline Mobile Device Integration with Cisco IP Phones}}
}


@misc{IP-Telephony,
  author = {Cisco},
  title = {\href{https://www.cisco.com/c/dam/en_us/about/ciscoitatwork/downloads/ciscoitatwork/pdf/cisco_ip_telephony.pdf}{\newline IP Telephony Deployment}}
}


@misc{Artificial-Intelligence,
  author = {cisco},
  title = {\href{https://www.cisco.com/c/en/us/products/collaboration-endpoints/ip-phones/index.html}{\newline Artificial Intelligence in Cisco IP Phones}}
}


@misc{Design,
  author = {Cisco},
  title = {\href{https://www.cisco.com/c/en/us/td/docs/solutions/Enterprise/Security/TrustSec_1-99/IP_Tele/IP_Telephony_DIG.html}
{\newline IP Telephony for 802.1X Design Guide}}
}

@misc{title,
  author = {author},
  title = {\href{}{\newline title}}
}

@misc{title,
  author = {author},
  title = {\href{}{\newline title}}
}


@misc{title,
  author = {author},
  title = {\href{}{\newline title}}
}

@misc{title,
  author = {author},
  title = {\href{}{\newline title}}
}

@misc{title,
  author = {author},
  title = {\href{}{\newline title}}
}


@misc{title,
  author = {author},
  title = {\href{}{\newline title}}
}

@misc{title,
  author = {author},
  title = {\href{}{\newline title}}
}

@misc{title,
  author = {author},
  title = {\href{}{\newline title}}
}


@misc{title,
  author = {author},
  title = {\href{}{\newline title}}
}

@misc{title,
  author = {author},
  title = {\href{}{\newline title}}
}